%YAML 1.1
%TAG !u! tag:unity3d.com,2011:
--- !u!1 &181559010523617570
GameObject:
  m_ObjectHideFlags: 0
  m_CorrespondingSourceObject: {fileID: 0}
  m_PrefabInstance: {fileID: 0}
  m_PrefabAsset: {fileID: 0}
  serializedVersion: 6
  m_Component:
  - component: {fileID: 1515248123470069278}
  - component: {fileID: 5231702849055059773}
  - component: {fileID: 7820966061557942003}
  m_Layer: 5
  m_Name: StoryImage
  m_TagString: Untagged
  m_Icon: {fileID: 0}
  m_NavMeshLayer: 0
  m_StaticEditorFlags: 0
  m_IsActive: 0
--- !u!224 &1515248123470069278
RectTransform:
  m_ObjectHideFlags: 0
  m_CorrespondingSourceObject: {fileID: 0}
  m_PrefabInstance: {fileID: 0}
  m_PrefabAsset: {fileID: 0}
  m_GameObject: {fileID: 181559010523617570}
  m_LocalRotation: {x: 0, y: 0, z: 0, w: 1}
  m_LocalPosition: {x: 0, y: 0, z: 0}
  m_LocalScale: {x: 1, y: 1, z: 1}
  m_Children: []
  m_Father: {fileID: 5303780728710663599}
  m_RootOrder: 1
  m_LocalEulerAnglesHint: {x: 0, y: 0, z: 0}
  m_AnchorMin: {x: 0, y: 0}
  m_AnchorMax: {x: 1, y: 1}
  m_AnchoredPosition: {x: 0, y: 0}
  m_SizeDelta: {x: 0, y: 0}
  m_Pivot: {x: 0.5, y: 0.5}
--- !u!222 &5231702849055059773
CanvasRenderer:
  m_ObjectHideFlags: 0
  m_CorrespondingSourceObject: {fileID: 0}
  m_PrefabInstance: {fileID: 0}
  m_PrefabAsset: {fileID: 0}
  m_GameObject: {fileID: 181559010523617570}
  m_CullTransparentMesh: 1
--- !u!114 &7820966061557942003
MonoBehaviour:
  m_ObjectHideFlags: 0
  m_CorrespondingSourceObject: {fileID: 0}
  m_PrefabInstance: {fileID: 0}
  m_PrefabAsset: {fileID: 0}
  m_GameObject: {fileID: 181559010523617570}
  m_Enabled: 1
  m_EditorHideFlags: 0
  m_Script: {fileID: 11500000, guid: fe87c0e1cc204ed48ad3b37840f39efc, type: 3}
  m_Name: 
  m_EditorClassIdentifier: 
  m_Material: {fileID: 0}
  m_Color: {r: 1, g: 1, b: 1, a: 1}
  m_RaycastTarget: 1
  m_RaycastPadding: {x: 0, y: 0, z: 0, w: 0}
  m_Maskable: 1
  m_OnCullStateChanged:
    m_PersistentCalls:
      m_Calls: []
  m_Sprite: {fileID: 0}
  m_Type: 0
  m_PreserveAspect: 0
  m_FillCenter: 1
  m_FillMethod: 4
  m_FillAmount: 1
  m_FillClockwise: 1
  m_FillOrigin: 0
  m_UseSpriteMesh: 0
  m_PixelsPerUnitMultiplier: 1
--- !u!114 &807495007
MonoBehaviour:
  m_ObjectHideFlags: 0
  m_CorrespondingSourceObject: {fileID: 0}
  m_PrefabInstance: {fileID: 0}
  m_PrefabAsset: {fileID: 0}
  m_GameObject: {fileID: 8229421073609618694}
  m_Enabled: 1
  m_EditorHideFlags: 0
  m_Script: {fileID: 11500000, guid: 62899f850307741f2a39c98a8b639597, type: 3}
  m_Name: 
  m_EditorClassIdentifier: 
  m_Actions: {fileID: -944628639613478452, guid: ba2c26e044a2516498e35faac81e6f45, type: 3}
  m_NotificationBehavior: 2
  m_UIInputModule: {fileID: 0}
  m_DeviceLostEvent:
    m_PersistentCalls:
      m_Calls: []
  m_DeviceRegainedEvent:
    m_PersistentCalls:
      m_Calls: []
  m_ControlsChangedEvent:
    m_PersistentCalls:
      m_Calls: []
  m_ActionEvents:
  - m_PersistentCalls:
      m_Calls: []
    m_ActionId: f14e569b-a961-4d11-b650-24d89ad4d946
    m_ActionName: Gameplay/Move[/Keyboard/a,/Keyboard/d]
  - m_PersistentCalls:
      m_Calls: []
    m_ActionId: 1ef8ac98-05fa-494e-abab-b0592ca98b84
    m_ActionName: Gameplay/Jump[/Keyboard/w]
  - m_PersistentCalls:
      m_Calls: []
    m_ActionId: 9f6b3a60-2c3d-45aa-8f8e-264c0044a32c
    m_ActionName: Gameplay/ChangeSock1[/Keyboard/q]
  - m_PersistentCalls:
      m_Calls: []
    m_ActionId: c000e7ec-b46b-44f6-b660-e6e77d5fae0a
    m_ActionName: Gameplay/ChangeSock2[/Keyboard/e]
  - m_PersistentCalls:
      m_Calls: []
    m_ActionId: 8c04ed2e-7966-4585-8dc0-105453092e1f
    m_ActionName: Gameplay/PowerLeft[/Mouse/leftButton]
  - m_PersistentCalls:
      m_Calls: []
    m_ActionId: 41782c39-d0af-44d9-9ced-dc16ad79bd6b
    m_ActionName: Gameplay/PowerRight[/Mouse/rightButton]
  - m_PersistentCalls:
      m_Calls: []
    m_ActionId: a20c4edf-1ab1-47ef-998c-512d58dfce90
    m_ActionName: Gameplay/Punch[/Keyboard/space]
  - m_PersistentCalls:
      m_Calls:
      - m_Target: {fileID: 7399978041981145315}
        m_TargetAssemblyTypeName: GameCanvas, Assembly-CSharp
        m_MethodName: OnSkipDialog
        m_Mode: 0
        m_Arguments:
          m_ObjectArgument: {fileID: 0}
          m_ObjectArgumentAssemblyTypeName: UnityEngine.Object, UnityEngine
          m_IntArgument: 0
          m_FloatArgument: 0
          m_StringArgument: 
          m_BoolArgument: 0
        m_CallState: 2
    m_ActionId: b7d756e3-51c7-4d1c-9109-352e19568ccd
    m_ActionName: UI/SkipDialog[/Keyboard/space]
  - m_PersistentCalls:
      m_Calls:
      - m_Target: {fileID: 7399978041981145315}
        m_TargetAssemblyTypeName: GameCanvas, Assembly-CSharp
        m_MethodName: OpenPauseMenu
        m_Mode: 0
        m_Arguments:
          m_ObjectArgument: {fileID: 0}
          m_ObjectArgumentAssemblyTypeName: UnityEngine.Object, UnityEngine
          m_IntArgument: 0
          m_FloatArgument: 0
          m_StringArgument: 
          m_BoolArgument: 0
        m_CallState: 2
    m_ActionId: 26a37459-c524-4925-8b9f-783f8be017ea
    m_ActionName: UI/ESC[/Keyboard/escape]
  - m_PersistentCalls:
      m_Calls: []
    m_ActionId: 7a50399a-28cf-4a09-893c-35e93bd93e46
    m_ActionName: Gameplay/Medkit[/Keyboard/f]
  m_NeverAutoSwitchControlSchemes: 0
  m_DefaultControlScheme: 
  m_DefaultActionMap: UI
  m_SplitScreenIndex: -1
  m_Camera: {fileID: 0}
--- !u!114 &7399978041981145315
MonoBehaviour:
  m_ObjectHideFlags: 0
  m_CorrespondingSourceObject: {fileID: 0}
  m_PrefabInstance: {fileID: 0}
  m_PrefabAsset: {fileID: 0}
  m_GameObject: {fileID: 8229421073609618694}
  m_Enabled: 1
  m_EditorHideFlags: 0
  m_Script: {fileID: 11500000, guid: 8298b4836ca692e439bacee5aeaccf88, type: 3}
  m_Name: 
  m_EditorClassIdentifier: 
  m_HUD: {fileID: 1019325464555358626}
  m_Dialog: {fileID: 9168548531105161570}
  m_Player: {fileID: 0}
  m_SkipDialog: 0
  m_StoryImage: {fileID: 7820966061557942003}
  m_StorySlide:
  - {fileID: 21300000, guid: 37a5aed93dca06c41a6175ba12ae3296, type: 3}
  - {fileID: 21300000, guid: 6c48cb3dc050e894da2bbfbcc9b993ef, type: 3}
  - {fileID: 21300000, guid: 4156b30a5a6bb1648b8a9baf0a14f7a0, type: 3}
  - {fileID: 21300000, guid: 3547b920e6047944b807859fb874596c, type: 3}
  m_GameOverMenu: {fileID: 2315120215404212416}
  m_PauseMenu: {fileID: 8421788718713450673}
  m_FnishMenu: {fileID: 3496654254884030426}
--- !u!1 &3496654254884030426
GameObject:
  m_ObjectHideFlags: 0
  m_CorrespondingSourceObject: {fileID: 0}
  m_PrefabInstance: {fileID: 0}
  m_PrefabAsset: {fileID: 0}
  serializedVersion: 6
  m_Component:
  - component: {fileID: 3471169210170416194}
  - component: {fileID: 7754582376068612971}
  - component: {fileID: 3710888107157039667}
  m_Layer: 5
  m_Name: FinishScreen
  m_TagString: Untagged
  m_Icon: {fileID: 0}
  m_NavMeshLayer: 0
  m_StaticEditorFlags: 0
  m_IsActive: 0
--- !u!224 &3471169210170416194
RectTransform:
  m_ObjectHideFlags: 0
  m_CorrespondingSourceObject: {fileID: 0}
  m_PrefabInstance: {fileID: 0}
  m_PrefabAsset: {fileID: 0}
  m_GameObject: {fileID: 3496654254884030426}
  m_LocalRotation: {x: 0, y: 0, z: 0, w: 1}
  m_LocalPosition: {x: 0, y: 0, z: 0}
  m_LocalScale: {x: 1, y: 1, z: 1}
  m_Children:
  - {fileID: 6109954924162522734}
  - {fileID: 6488739670021275911}
  m_Father: {fileID: 5303780728710663599}
  m_RootOrder: 6
  m_LocalEulerAnglesHint: {x: 0, y: 0, z: 0}
  m_AnchorMin: {x: 0, y: 0}
  m_AnchorMax: {x: 1, y: 1}
  m_AnchoredPosition: {x: 0, y: 0}
  m_SizeDelta: {x: 0, y: 0}
  m_Pivot: {x: 0.5, y: 0.5}
--- !u!222 &7754582376068612971
CanvasRenderer:
  m_ObjectHideFlags: 0
  m_CorrespondingSourceObject: {fileID: 0}
  m_PrefabInstance: {fileID: 0}
  m_PrefabAsset: {fileID: 0}
  m_GameObject: {fileID: 3496654254884030426}
  m_CullTransparentMesh: 1
--- !u!114 &3710888107157039667
MonoBehaviour:
  m_ObjectHideFlags: 0
  m_CorrespondingSourceObject: {fileID: 0}
  m_PrefabInstance: {fileID: 0}
  m_PrefabAsset: {fileID: 0}
  m_GameObject: {fileID: 3496654254884030426}
  m_Enabled: 1
  m_EditorHideFlags: 0
  m_Script: {fileID: 11500000, guid: fe87c0e1cc204ed48ad3b37840f39efc, type: 3}
  m_Name: 
  m_EditorClassIdentifier: 
  m_Material: {fileID: 0}
  m_Color: {r: 0.26415092, g: 0.24795298, b: 0.24795298, a: 0.6313726}
  m_RaycastTarget: 1
  m_RaycastPadding: {x: 0, y: 0, z: 0, w: 0}
  m_Maskable: 1
  m_OnCullStateChanged:
    m_PersistentCalls:
      m_Calls: []
  m_Sprite: {fileID: 10907, guid: 0000000000000000f000000000000000, type: 0}
  m_Type: 1
  m_PreserveAspect: 0
  m_FillCenter: 1
  m_FillMethod: 4
  m_FillAmount: 1
  m_FillClockwise: 1
  m_FillOrigin: 0
  m_UseSpriteMesh: 0
  m_PixelsPerUnitMultiplier: 1
--- !u!1001 &561154352205229975
PrefabInstance:
  m_ObjectHideFlags: 0
  serializedVersion: 2
  m_Modification:
    m_TransformParent: {fileID: 0}
    m_Modifications:
    - target: {fileID: 5643941146427646520, guid: bbcfb676108725e4e8660122d6b1803a, type: 3}
      propertyPath: m_Pivot.x
      value: 0
      objectReference: {fileID: 0}
    - target: {fileID: 5643941146427646520, guid: bbcfb676108725e4e8660122d6b1803a, type: 3}
      propertyPath: m_Pivot.y
      value: 0
      objectReference: {fileID: 0}
    - target: {fileID: 5643941146427646520, guid: bbcfb676108725e4e8660122d6b1803a, type: 3}
      propertyPath: m_RootOrder
      value: 0
      objectReference: {fileID: 0}
    - target: {fileID: 5643941146427646520, guid: bbcfb676108725e4e8660122d6b1803a, type: 3}
      propertyPath: m_AnchorMax.x
      value: 0
      objectReference: {fileID: 0}
    - target: {fileID: 5643941146427646520, guid: bbcfb676108725e4e8660122d6b1803a, type: 3}
      propertyPath: m_AnchorMax.y
      value: 0
      objectReference: {fileID: 0}
    - target: {fileID: 5643941146427646520, guid: bbcfb676108725e4e8660122d6b1803a, type: 3}
      propertyPath: m_AnchorMin.x
      value: 0
      objectReference: {fileID: 0}
    - target: {fileID: 5643941146427646520, guid: bbcfb676108725e4e8660122d6b1803a, type: 3}
      propertyPath: m_AnchorMin.y
      value: 0
      objectReference: {fileID: 0}
    - target: {fileID: 5643941146427646520, guid: bbcfb676108725e4e8660122d6b1803a, type: 3}
      propertyPath: m_SizeDelta.x
      value: 0
      objectReference: {fileID: 0}
    - target: {fileID: 5643941146427646520, guid: bbcfb676108725e4e8660122d6b1803a, type: 3}
      propertyPath: m_SizeDelta.y
      value: 0
      objectReference: {fileID: 0}
    - target: {fileID: 5643941146427646520, guid: bbcfb676108725e4e8660122d6b1803a, type: 3}
      propertyPath: m_LocalPosition.x
      value: 0
      objectReference: {fileID: 0}
    - target: {fileID: 5643941146427646520, guid: bbcfb676108725e4e8660122d6b1803a, type: 3}
      propertyPath: m_LocalPosition.y
      value: 0
      objectReference: {fileID: 0}
    - target: {fileID: 5643941146427646520, guid: bbcfb676108725e4e8660122d6b1803a, type: 3}
      propertyPath: m_LocalPosition.z
      value: 0
      objectReference: {fileID: 0}
    - target: {fileID: 5643941146427646520, guid: bbcfb676108725e4e8660122d6b1803a, type: 3}
      propertyPath: m_LocalRotation.w
      value: 1
      objectReference: {fileID: 0}
    - target: {fileID: 5643941146427646520, guid: bbcfb676108725e4e8660122d6b1803a, type: 3}
      propertyPath: m_LocalRotation.x
      value: 0
      objectReference: {fileID: 0}
    - target: {fileID: 5643941146427646520, guid: bbcfb676108725e4e8660122d6b1803a, type: 3}
      propertyPath: m_LocalRotation.y
      value: 0
      objectReference: {fileID: 0}
    - target: {fileID: 5643941146427646520, guid: bbcfb676108725e4e8660122d6b1803a, type: 3}
      propertyPath: m_LocalRotation.z
      value: 0
      objectReference: {fileID: 0}
    - target: {fileID: 5643941146427646520, guid: bbcfb676108725e4e8660122d6b1803a, type: 3}
      propertyPath: m_AnchoredPosition.x
      value: 0
      objectReference: {fileID: 0}
    - target: {fileID: 5643941146427646520, guid: bbcfb676108725e4e8660122d6b1803a, type: 3}
      propertyPath: m_AnchoredPosition.y
      value: 0
      objectReference: {fileID: 0}
    - target: {fileID: 5643941146427646520, guid: bbcfb676108725e4e8660122d6b1803a, type: 3}
      propertyPath: m_LocalEulerAnglesHint.x
      value: 0
      objectReference: {fileID: 0}
    - target: {fileID: 5643941146427646520, guid: bbcfb676108725e4e8660122d6b1803a, type: 3}
      propertyPath: m_LocalEulerAnglesHint.y
      value: 0
      objectReference: {fileID: 0}
    - target: {fileID: 5643941146427646520, guid: bbcfb676108725e4e8660122d6b1803a, type: 3}
      propertyPath: m_LocalEulerAnglesHint.z
      value: 0
      objectReference: {fileID: 0}
    - target: {fileID: 8502048653866048145, guid: bbcfb676108725e4e8660122d6b1803a, type: 3}
      propertyPath: m_Name
      value: GameCanvas
      objectReference: {fileID: 0}
    m_RemovedComponents:
    - {fileID: 2570514480463831722, guid: bbcfb676108725e4e8660122d6b1803a, type: 3}
  m_SourcePrefab: {fileID: 100100000, guid: bbcfb676108725e4e8660122d6b1803a, type: 3}
--- !u!1 &8229421073609618694 stripped
GameObject:
  m_CorrespondingSourceObject: {fileID: 8502048653866048145, guid: bbcfb676108725e4e8660122d6b1803a, type: 3}
  m_PrefabInstance: {fileID: 561154352205229975}
  m_PrefabAsset: {fileID: 0}
--- !u!224 &5303780728710663599 stripped
RectTransform:
  m_CorrespondingSourceObject: {fileID: 5643941146427646520, guid: bbcfb676108725e4e8660122d6b1803a, type: 3}
  m_PrefabInstance: {fileID: 561154352205229975}
  m_PrefabAsset: {fileID: 0}
--- !u!1001 &3875668711474864342
PrefabInstance:
  m_ObjectHideFlags: 0
  serializedVersion: 2
  m_Modification:
    m_TransformParent: {fileID: 3471169210170416194}
    m_Modifications:
    - target: {fileID: 8053991330408604112, guid: c2fdda6d762541d49a3590e423ec5f5f, type: 3}
      propertyPath: m_text
      value: "Merci d'avoir jou\xE9 \xE0 notre jeu :)"
      objectReference: {fileID: 0}
    - target: {fileID: 8053991330408604112, guid: c2fdda6d762541d49a3590e423ec5f5f, type: 3}
      propertyPath: m_fontSize
      value: 93.1
      objectReference: {fileID: 0}
    - target: {fileID: 8053991330408604112, guid: c2fdda6d762541d49a3590e423ec5f5f, type: 3}
      propertyPath: m_fontSizeBase
      value: 93.1
      objectReference: {fileID: 0}
    - target: {fileID: 8053991330408604112, guid: c2fdda6d762541d49a3590e423ec5f5f, type: 3}
      propertyPath: m_VerticalAlignment
      value: 512
      objectReference: {fileID: 0}
    - target: {fileID: 8053991330408604112, guid: c2fdda6d762541d49a3590e423ec5f5f, type: 3}
      propertyPath: m_HorizontalAlignment
      value: 2
      objectReference: {fileID: 0}
    - target: {fileID: 8053991330408604113, guid: c2fdda6d762541d49a3590e423ec5f5f, type: 3}
      propertyPath: m_Pivot.x
      value: 0.5
      objectReference: {fileID: 0}
    - target: {fileID: 8053991330408604113, guid: c2fdda6d762541d49a3590e423ec5f5f, type: 3}
      propertyPath: m_Pivot.y
      value: 0.5
      objectReference: {fileID: 0}
    - target: {fileID: 8053991330408604113, guid: c2fdda6d762541d49a3590e423ec5f5f, type: 3}
      propertyPath: m_RootOrder
      value: 1
      objectReference: {fileID: 0}
    - target: {fileID: 8053991330408604113, guid: c2fdda6d762541d49a3590e423ec5f5f, type: 3}
      propertyPath: m_AnchorMax.x
      value: 1
      objectReference: {fileID: 0}
    - target: {fileID: 8053991330408604113, guid: c2fdda6d762541d49a3590e423ec5f5f, type: 3}
      propertyPath: m_AnchorMax.y
      value: 0.5
      objectReference: {fileID: 0}
    - target: {fileID: 8053991330408604113, guid: c2fdda6d762541d49a3590e423ec5f5f, type: 3}
      propertyPath: m_AnchorMin.x
      value: 0
      objectReference: {fileID: 0}
    - target: {fileID: 8053991330408604113, guid: c2fdda6d762541d49a3590e423ec5f5f, type: 3}
      propertyPath: m_AnchorMin.y
      value: 0.5
      objectReference: {fileID: 0}
    - target: {fileID: 8053991330408604113, guid: c2fdda6d762541d49a3590e423ec5f5f, type: 3}
      propertyPath: m_SizeDelta.x
      value: 0
      objectReference: {fileID: 0}
    - target: {fileID: 8053991330408604113, guid: c2fdda6d762541d49a3590e423ec5f5f, type: 3}
      propertyPath: m_SizeDelta.y
      value: 134.34827
      objectReference: {fileID: 0}
    - target: {fileID: 8053991330408604113, guid: c2fdda6d762541d49a3590e423ec5f5f, type: 3}
      propertyPath: m_LocalScale.x
      value: 1
      objectReference: {fileID: 0}
    - target: {fileID: 8053991330408604113, guid: c2fdda6d762541d49a3590e423ec5f5f, type: 3}
      propertyPath: m_LocalScale.y
      value: 1
      objectReference: {fileID: 0}
    - target: {fileID: 8053991330408604113, guid: c2fdda6d762541d49a3590e423ec5f5f, type: 3}
      propertyPath: m_LocalScale.z
      value: 1
      objectReference: {fileID: 0}
    - target: {fileID: 8053991330408604113, guid: c2fdda6d762541d49a3590e423ec5f5f, type: 3}
      propertyPath: m_LocalPosition.x
      value: 0
      objectReference: {fileID: 0}
    - target: {fileID: 8053991330408604113, guid: c2fdda6d762541d49a3590e423ec5f5f, type: 3}
      propertyPath: m_LocalPosition.y
      value: 0
      objectReference: {fileID: 0}
    - target: {fileID: 8053991330408604113, guid: c2fdda6d762541d49a3590e423ec5f5f, type: 3}
      propertyPath: m_LocalPosition.z
      value: 0
      objectReference: {fileID: 0}
    - target: {fileID: 8053991330408604113, guid: c2fdda6d762541d49a3590e423ec5f5f, type: 3}
      propertyPath: m_LocalRotation.w
      value: 1
      objectReference: {fileID: 0}
    - target: {fileID: 8053991330408604113, guid: c2fdda6d762541d49a3590e423ec5f5f, type: 3}
      propertyPath: m_LocalRotation.x
      value: -0
      objectReference: {fileID: 0}
    - target: {fileID: 8053991330408604113, guid: c2fdda6d762541d49a3590e423ec5f5f, type: 3}
      propertyPath: m_LocalRotation.y
      value: -0
      objectReference: {fileID: 0}
    - target: {fileID: 8053991330408604113, guid: c2fdda6d762541d49a3590e423ec5f5f, type: 3}
      propertyPath: m_LocalRotation.z
      value: -0
      objectReference: {fileID: 0}
    - target: {fileID: 8053991330408604113, guid: c2fdda6d762541d49a3590e423ec5f5f, type: 3}
      propertyPath: m_AnchoredPosition.x
      value: 0
      objectReference: {fileID: 0}
    - target: {fileID: 8053991330408604113, guid: c2fdda6d762541d49a3590e423ec5f5f, type: 3}
      propertyPath: m_AnchoredPosition.y
      value: 0
      objectReference: {fileID: 0}
    - target: {fileID: 8053991330408604113, guid: c2fdda6d762541d49a3590e423ec5f5f, type: 3}
      propertyPath: m_LocalEulerAnglesHint.x
      value: 0
      objectReference: {fileID: 0}
    - target: {fileID: 8053991330408604113, guid: c2fdda6d762541d49a3590e423ec5f5f, type: 3}
      propertyPath: m_LocalEulerAnglesHint.y
      value: 0
      objectReference: {fileID: 0}
    - target: {fileID: 8053991330408604113, guid: c2fdda6d762541d49a3590e423ec5f5f, type: 3}
      propertyPath: m_LocalEulerAnglesHint.z
      value: 0
      objectReference: {fileID: 0}
    - target: {fileID: 8053991330408604118, guid: c2fdda6d762541d49a3590e423ec5f5f, type: 3}
      propertyPath: m_Name
      value: EndText
      objectReference: {fileID: 0}
    m_RemovedComponents: []
  m_SourcePrefab: {fileID: 100100000, guid: c2fdda6d762541d49a3590e423ec5f5f, type: 3}
--- !u!224 &6488739670021275911 stripped
RectTransform:
  m_CorrespondingSourceObject: {fileID: 8053991330408604113, guid: c2fdda6d762541d49a3590e423ec5f5f, type: 3}
  m_PrefabInstance: {fileID: 3875668711474864342}
  m_PrefabAsset: {fileID: 0}
--- !u!1001 &4115889620678202244
PrefabInstance:
  m_ObjectHideFlags: 0
  serializedVersion: 2
  m_Modification:
    m_TransformParent: {fileID: 5303780728710663599}
    m_Modifications:
    - target: {fileID: 2058207645945736461, guid: 0743b3de0cddc654ab2fef5d63390250, type: 3}
      propertyPath: m_Pivot.x
      value: 0.5
      objectReference: {fileID: 0}
    - target: {fileID: 2058207645945736461, guid: 0743b3de0cddc654ab2fef5d63390250, type: 3}
      propertyPath: m_Pivot.y
      value: 0.5
      objectReference: {fileID: 0}
    - target: {fileID: 2058207645945736461, guid: 0743b3de0cddc654ab2fef5d63390250, type: 3}
      propertyPath: m_RootOrder
      value: 5
      objectReference: {fileID: 0}
    - target: {fileID: 2058207645945736461, guid: 0743b3de0cddc654ab2fef5d63390250, type: 3}
      propertyPath: m_AnchorMax.x
      value: 1
      objectReference: {fileID: 0}
    - target: {fileID: 2058207645945736461, guid: 0743b3de0cddc654ab2fef5d63390250, type: 3}
      propertyPath: m_AnchorMax.y
      value: 1
      objectReference: {fileID: 0}
    - target: {fileID: 2058207645945736461, guid: 0743b3de0cddc654ab2fef5d63390250, type: 3}
      propertyPath: m_AnchorMin.x
      value: 0
      objectReference: {fileID: 0}
    - target: {fileID: 2058207645945736461, guid: 0743b3de0cddc654ab2fef5d63390250, type: 3}
      propertyPath: m_AnchorMin.y
      value: 0
      objectReference: {fileID: 0}
    - target: {fileID: 2058207645945736461, guid: 0743b3de0cddc654ab2fef5d63390250, type: 3}
      propertyPath: m_SizeDelta.x
      value: 0
      objectReference: {fileID: 0}
    - target: {fileID: 2058207645945736461, guid: 0743b3de0cddc654ab2fef5d63390250, type: 3}
      propertyPath: m_SizeDelta.y
      value: 0
      objectReference: {fileID: 0}
    - target: {fileID: 2058207645945736461, guid: 0743b3de0cddc654ab2fef5d63390250, type: 3}
      propertyPath: m_LocalPosition.x
      value: 0
      objectReference: {fileID: 0}
    - target: {fileID: 2058207645945736461, guid: 0743b3de0cddc654ab2fef5d63390250, type: 3}
      propertyPath: m_LocalPosition.y
      value: 0
      objectReference: {fileID: 0}
    - target: {fileID: 2058207645945736461, guid: 0743b3de0cddc654ab2fef5d63390250, type: 3}
      propertyPath: m_LocalPosition.z
      value: 0
      objectReference: {fileID: 0}
    - target: {fileID: 2058207645945736461, guid: 0743b3de0cddc654ab2fef5d63390250, type: 3}
      propertyPath: m_LocalRotation.w
      value: 1
      objectReference: {fileID: 0}
    - target: {fileID: 2058207645945736461, guid: 0743b3de0cddc654ab2fef5d63390250, type: 3}
      propertyPath: m_LocalRotation.x
      value: 0
      objectReference: {fileID: 0}
    - target: {fileID: 2058207645945736461, guid: 0743b3de0cddc654ab2fef5d63390250, type: 3}
      propertyPath: m_LocalRotation.y
      value: 0
      objectReference: {fileID: 0}
    - target: {fileID: 2058207645945736461, guid: 0743b3de0cddc654ab2fef5d63390250, type: 3}
      propertyPath: m_LocalRotation.z
      value: 0
      objectReference: {fileID: 0}
    - target: {fileID: 2058207645945736461, guid: 0743b3de0cddc654ab2fef5d63390250, type: 3}
      propertyPath: m_AnchoredPosition.x
      value: 0
      objectReference: {fileID: 0}
    - target: {fileID: 2058207645945736461, guid: 0743b3de0cddc654ab2fef5d63390250, type: 3}
      propertyPath: m_AnchoredPosition.y
      value: 0
      objectReference: {fileID: 0}
    - target: {fileID: 2058207645945736461, guid: 0743b3de0cddc654ab2fef5d63390250, type: 3}
      propertyPath: m_LocalEulerAnglesHint.x
      value: 0
      objectReference: {fileID: 0}
    - target: {fileID: 2058207645945736461, guid: 0743b3de0cddc654ab2fef5d63390250, type: 3}
      propertyPath: m_LocalEulerAnglesHint.y
      value: 0
      objectReference: {fileID: 0}
    - target: {fileID: 2058207645945736461, guid: 0743b3de0cddc654ab2fef5d63390250, type: 3}
      propertyPath: m_LocalEulerAnglesHint.z
      value: 0
      objectReference: {fileID: 0}
    - target: {fileID: 5424614695679023726, guid: 0743b3de0cddc654ab2fef5d63390250, type: 3}
      propertyPath: m_OnClick.m_PersistentCalls.m_Calls.Array.size
      value: 2
      objectReference: {fileID: 0}
    - target: {fileID: 5424614695679023726, guid: 0743b3de0cddc654ab2fef5d63390250, type: 3}
      propertyPath: m_OnClick.m_PersistentCalls.m_Calls.Array.data[1].m_Mode
      value: 1
      objectReference: {fileID: 0}
    - target: {fileID: 5424614695679023726, guid: 0743b3de0cddc654ab2fef5d63390250, type: 3}
      propertyPath: m_OnClick.m_PersistentCalls.m_Calls.Array.data[1].m_Target
      value: 
      objectReference: {fileID: 7399978041981145315}
    - target: {fileID: 5424614695679023726, guid: 0743b3de0cddc654ab2fef5d63390250, type: 3}
      propertyPath: m_OnClick.m_PersistentCalls.m_Calls.Array.data[1].m_CallState
      value: 2
      objectReference: {fileID: 0}
    - target: {fileID: 5424614695679023726, guid: 0743b3de0cddc654ab2fef5d63390250, type: 3}
      propertyPath: m_OnClick.m_PersistentCalls.m_Calls.Array.data[1].m_MethodName
      value: PauseMenuContinue
      objectReference: {fileID: 0}
    - target: {fileID: 5424614695679023726, guid: 0743b3de0cddc654ab2fef5d63390250, type: 3}
      propertyPath: m_OnClick.m_PersistentCalls.m_Calls.Array.data[1].m_TargetAssemblyTypeName
      value: GameCanvas, Assembly-CSharp
      objectReference: {fileID: 0}
    - target: {fileID: 5424614695679023726, guid: 0743b3de0cddc654ab2fef5d63390250, type: 3}
      propertyPath: m_OnClick.m_PersistentCalls.m_Calls.Array.data[1].m_Arguments.m_ObjectArgumentAssemblyTypeName
      value: UnityEngine.Object, UnityEngine
      objectReference: {fileID: 0}
    - target: {fileID: 5620114058120487733, guid: 0743b3de0cddc654ab2fef5d63390250, type: 3}
      propertyPath: m_Name
      value: PauseMenu
      objectReference: {fileID: 0}
    - target: {fileID: 5620114058120487733, guid: 0743b3de0cddc654ab2fef5d63390250, type: 3}
      propertyPath: m_IsActive
      value: 0
      objectReference: {fileID: 0}
    - target: {fileID: 7368331360118346535, guid: 0743b3de0cddc654ab2fef5d63390250, type: 3}
      propertyPath: m_OnClick.m_PersistentCalls.m_Calls.Array.size
      value: 2
      objectReference: {fileID: 0}
    - target: {fileID: 7368331360118346535, guid: 0743b3de0cddc654ab2fef5d63390250, type: 3}
      propertyPath: m_OnClick.m_PersistentCalls.m_Calls.Array.data[1].m_Mode
      value: 1
      objectReference: {fileID: 0}
    - target: {fileID: 7368331360118346535, guid: 0743b3de0cddc654ab2fef5d63390250, type: 3}
      propertyPath: m_OnClick.m_PersistentCalls.m_Calls.Array.data[1].m_Target
      value: 
      objectReference: {fileID: 7399978041981145315}
    - target: {fileID: 7368331360118346535, guid: 0743b3de0cddc654ab2fef5d63390250, type: 3}
      propertyPath: m_OnClick.m_PersistentCalls.m_Calls.Array.data[1].m_CallState
      value: 2
      objectReference: {fileID: 0}
    - target: {fileID: 7368331360118346535, guid: 0743b3de0cddc654ab2fef5d63390250, type: 3}
      propertyPath: m_OnClick.m_PersistentCalls.m_Calls.Array.data[1].m_MethodName
      value: GameOverMenuQuit
      objectReference: {fileID: 0}
    - target: {fileID: 7368331360118346535, guid: 0743b3de0cddc654ab2fef5d63390250, type: 3}
      propertyPath: m_OnClick.m_PersistentCalls.m_Calls.Array.data[1].m_TargetAssemblyTypeName
      value: GameCanvas, Assembly-CSharp
      objectReference: {fileID: 0}
    - target: {fileID: 7368331360118346535, guid: 0743b3de0cddc654ab2fef5d63390250, type: 3}
      propertyPath: m_OnClick.m_PersistentCalls.m_Calls.Array.data[1].m_Arguments.m_ObjectArgumentAssemblyTypeName
      value: UnityEngine.Object, UnityEngine
      objectReference: {fileID: 0}
    m_RemovedComponents: []
  m_SourcePrefab: {fileID: 100100000, guid: 0743b3de0cddc654ab2fef5d63390250, type: 3}
--- !u!1 &8421788718713450673 stripped
GameObject:
  m_CorrespondingSourceObject: {fileID: 5620114058120487733, guid: 0743b3de0cddc654ab2fef5d63390250, type: 3}
  m_PrefabInstance: {fileID: 4115889620678202244}
  m_PrefabAsset: {fileID: 0}
--- !u!1001 &5158220825937963483
PrefabInstance:
  m_ObjectHideFlags: 0
  serializedVersion: 2
  m_Modification:
    m_TransformParent: {fileID: 5303780728710663599}
    m_Modifications:
    - target: {fileID: 502241137968080503, guid: 09647ce2f91f4c349995c2f876366773, type: 3}
      propertyPath: m_IsActive
      value: 0
      objectReference: {fileID: 0}
    - target: {fileID: 4082676669821618361, guid: 09647ce2f91f4c349995c2f876366773, type: 3}
      propertyPath: _isInDialog
      value: 
      objectReference: {fileID: 0}
    - target: {fileID: 4082676669821618361, guid: 09647ce2f91f4c349995c2f876366773, type: 3}
      propertyPath: m_StoryManager
      value: 
      objectReference: {fileID: 4493007561050703557}
    - target: {fileID: 7603575492183193688, guid: 09647ce2f91f4c349995c2f876366773, type: 3}
      propertyPath: m_Name
      value: DialogWindow
      objectReference: {fileID: 0}
    - target: {fileID: 7603575492183193688, guid: 09647ce2f91f4c349995c2f876366773, type: 3}
      propertyPath: m_IsActive
      value: 0
      objectReference: {fileID: 0}
    - target: {fileID: 8981566539802225046, guid: 09647ce2f91f4c349995c2f876366773, type: 3}
      propertyPath: m_Pivot.x
      value: 0.5
      objectReference: {fileID: 0}
    - target: {fileID: 8981566539802225046, guid: 09647ce2f91f4c349995c2f876366773, type: 3}
      propertyPath: m_Pivot.y
      value: 0.5
      objectReference: {fileID: 0}
    - target: {fileID: 8981566539802225046, guid: 09647ce2f91f4c349995c2f876366773, type: 3}
      propertyPath: m_RootOrder
      value: 3
      objectReference: {fileID: 0}
    - target: {fileID: 8981566539802225046, guid: 09647ce2f91f4c349995c2f876366773, type: 3}
      propertyPath: m_AnchorMax.x
      value: 1
      objectReference: {fileID: 0}
    - target: {fileID: 8981566539802225046, guid: 09647ce2f91f4c349995c2f876366773, type: 3}
      propertyPath: m_AnchorMax.y
      value: 1
      objectReference: {fileID: 0}
    - target: {fileID: 8981566539802225046, guid: 09647ce2f91f4c349995c2f876366773, type: 3}
      propertyPath: m_AnchorMin.x
      value: 0
      objectReference: {fileID: 0}
    - target: {fileID: 8981566539802225046, guid: 09647ce2f91f4c349995c2f876366773, type: 3}
      propertyPath: m_AnchorMin.y
      value: 0
      objectReference: {fileID: 0}
    - target: {fileID: 8981566539802225046, guid: 09647ce2f91f4c349995c2f876366773, type: 3}
      propertyPath: m_SizeDelta.x
      value: 0
      objectReference: {fileID: 0}
    - target: {fileID: 8981566539802225046, guid: 09647ce2f91f4c349995c2f876366773, type: 3}
      propertyPath: m_SizeDelta.y
      value: 0
      objectReference: {fileID: 0}
    - target: {fileID: 8981566539802225046, guid: 09647ce2f91f4c349995c2f876366773, type: 3}
      propertyPath: m_LocalPosition.x
      value: 0
      objectReference: {fileID: 0}
    - target: {fileID: 8981566539802225046, guid: 09647ce2f91f4c349995c2f876366773, type: 3}
      propertyPath: m_LocalPosition.y
      value: 0
      objectReference: {fileID: 0}
    - target: {fileID: 8981566539802225046, guid: 09647ce2f91f4c349995c2f876366773, type: 3}
      propertyPath: m_LocalPosition.z
      value: 0
      objectReference: {fileID: 0}
    - target: {fileID: 8981566539802225046, guid: 09647ce2f91f4c349995c2f876366773, type: 3}
      propertyPath: m_LocalRotation.w
      value: 1
      objectReference: {fileID: 0}
    - target: {fileID: 8981566539802225046, guid: 09647ce2f91f4c349995c2f876366773, type: 3}
      propertyPath: m_LocalRotation.x
      value: -0
      objectReference: {fileID: 0}
    - target: {fileID: 8981566539802225046, guid: 09647ce2f91f4c349995c2f876366773, type: 3}
      propertyPath: m_LocalRotation.y
      value: -0
      objectReference: {fileID: 0}
    - target: {fileID: 8981566539802225046, guid: 09647ce2f91f4c349995c2f876366773, type: 3}
      propertyPath: m_LocalRotation.z
      value: -0
      objectReference: {fileID: 0}
    - target: {fileID: 8981566539802225046, guid: 09647ce2f91f4c349995c2f876366773, type: 3}
      propertyPath: m_AnchoredPosition.x
      value: 0
      objectReference: {fileID: 0}
    - target: {fileID: 8981566539802225046, guid: 09647ce2f91f4c349995c2f876366773, type: 3}
      propertyPath: m_AnchoredPosition.y
      value: 0
      objectReference: {fileID: 0}
    - target: {fileID: 8981566539802225046, guid: 09647ce2f91f4c349995c2f876366773, type: 3}
      propertyPath: m_LocalEulerAnglesHint.x
      value: 0
      objectReference: {fileID: 0}
    - target: {fileID: 8981566539802225046, guid: 09647ce2f91f4c349995c2f876366773, type: 3}
      propertyPath: m_LocalEulerAnglesHint.y
      value: 0
      objectReference: {fileID: 0}
    - target: {fileID: 8981566539802225046, guid: 09647ce2f91f4c349995c2f876366773, type: 3}
      propertyPath: m_LocalEulerAnglesHint.z
      value: 0
      objectReference: {fileID: 0}
    m_RemovedComponents: []
  m_SourcePrefab: {fileID: 100100000, guid: 09647ce2f91f4c349995c2f876366773, type: 3}
--- !u!114 &9168548531105161570 stripped
MonoBehaviour:
  m_CorrespondingSourceObject: {fileID: 4082676669821618361, guid: 09647ce2f91f4c349995c2f876366773, type: 3}
  m_PrefabInstance: {fileID: 5158220825937963483}
  m_PrefabAsset: {fileID: 0}
  m_GameObject: {fileID: 0}
  m_Enabled: 1
  m_EditorHideFlags: 0
  m_Script: {fileID: 11500000, guid: bcdf3b5bdef39f0479e44a8e6a662f4e, type: 3}
  m_Name: 
  m_EditorClassIdentifier: 
--- !u!114 &4493007561050703557 stripped
MonoBehaviour:
  m_CorrespondingSourceObject: {fileID: 8777498156228128542, guid: 09647ce2f91f4c349995c2f876366773, type: 3}
  m_PrefabInstance: {fileID: 5158220825937963483}
  m_PrefabAsset: {fileID: 0}
  m_GameObject: {fileID: 0}
  m_Enabled: 1
  m_EditorHideFlags: 0
  m_Script: {fileID: 11500000, guid: fc1ba8836b23f764a9e287b20631ed15, type: 3}
  m_Name: 
  m_EditorClassIdentifier: 
--- !u!1001 &7273136637456566017
PrefabInstance:
  m_ObjectHideFlags: 0
  serializedVersion: 2
  m_Modification:
    m_TransformParent: {fileID: 3471169210170416194}
    m_Modifications:
    - target: {fileID: 1123461948891536293, guid: edfb38c5ec88a624d8d9e5f2937dd057, type: 3}
      propertyPath: m_OnClick.m_PersistentCalls.m_Calls.Array.size
      value: 2
      objectReference: {fileID: 0}
    - target: {fileID: 1123461948891536293, guid: edfb38c5ec88a624d8d9e5f2937dd057, type: 3}
      propertyPath: m_OnClick.m_PersistentCalls.m_Calls.Array.data[1].m_Mode
      value: 1
      objectReference: {fileID: 0}
    - target: {fileID: 1123461948891536293, guid: edfb38c5ec88a624d8d9e5f2937dd057, type: 3}
      propertyPath: m_OnClick.m_PersistentCalls.m_Calls.Array.data[1].m_Target
      value: 
      objectReference: {fileID: 7399978041981145315}
    - target: {fileID: 1123461948891536293, guid: edfb38c5ec88a624d8d9e5f2937dd057, type: 3}
      propertyPath: m_OnClick.m_PersistentCalls.m_Calls.Array.data[1].m_CallState
      value: 2
      objectReference: {fileID: 0}
    - target: {fileID: 1123461948891536293, guid: edfb38c5ec88a624d8d9e5f2937dd057, type: 3}
      propertyPath: m_OnClick.m_PersistentCalls.m_Calls.Array.data[1].m_MethodName
      value: GameOverMenuQuit
      objectReference: {fileID: 0}
    - target: {fileID: 1123461948891536293, guid: edfb38c5ec88a624d8d9e5f2937dd057, type: 3}
      propertyPath: m_OnClick.m_PersistentCalls.m_Calls.Array.data[1].m_TargetAssemblyTypeName
      value: GameCanvas, Assembly-CSharp
      objectReference: {fileID: 0}
    - target: {fileID: 1123461948891536293, guid: edfb38c5ec88a624d8d9e5f2937dd057, type: 3}
      propertyPath: m_OnClick.m_PersistentCalls.m_Calls.Array.data[1].m_Arguments.m_ObjectArgumentAssemblyTypeName
      value: UnityEngine.Object, UnityEngine
      objectReference: {fileID: 0}
    - target: {fileID: 3469377674867202415, guid: edfb38c5ec88a624d8d9e5f2937dd057, type: 3}
      propertyPath: m_Pivot.x
      value: 0.5
      objectReference: {fileID: 0}
    - target: {fileID: 3469377674867202415, guid: edfb38c5ec88a624d8d9e5f2937dd057, type: 3}
      propertyPath: m_Pivot.y
      value: 0.5
      objectReference: {fileID: 0}
    - target: {fileID: 3469377674867202415, guid: edfb38c5ec88a624d8d9e5f2937dd057, type: 3}
      propertyPath: m_RootOrder
      value: 0
      objectReference: {fileID: 0}
    - target: {fileID: 3469377674867202415, guid: edfb38c5ec88a624d8d9e5f2937dd057, type: 3}
      propertyPath: m_AnchorMax.x
      value: 0.5
      objectReference: {fileID: 0}
    - target: {fileID: 3469377674867202415, guid: edfb38c5ec88a624d8d9e5f2937dd057, type: 3}
      propertyPath: m_AnchorMax.y
      value: 0.5
      objectReference: {fileID: 0}
    - target: {fileID: 3469377674867202415, guid: edfb38c5ec88a624d8d9e5f2937dd057, type: 3}
      propertyPath: m_AnchorMin.x
      value: 0.5
      objectReference: {fileID: 0}
    - target: {fileID: 3469377674867202415, guid: edfb38c5ec88a624d8d9e5f2937dd057, type: 3}
      propertyPath: m_AnchorMin.y
      value: 0.5
      objectReference: {fileID: 0}
    - target: {fileID: 3469377674867202415, guid: edfb38c5ec88a624d8d9e5f2937dd057, type: 3}
      propertyPath: m_SizeDelta.x
      value: 200
      objectReference: {fileID: 0}
    - target: {fileID: 3469377674867202415, guid: edfb38c5ec88a624d8d9e5f2937dd057, type: 3}
      propertyPath: m_SizeDelta.y
      value: 50
      objectReference: {fileID: 0}
    - target: {fileID: 3469377674867202415, guid: edfb38c5ec88a624d8d9e5f2937dd057, type: 3}
      propertyPath: m_LocalScale.x
      value: 1
      objectReference: {fileID: 0}
    - target: {fileID: 3469377674867202415, guid: edfb38c5ec88a624d8d9e5f2937dd057, type: 3}
      propertyPath: m_LocalScale.y
      value: 1
      objectReference: {fileID: 0}
    - target: {fileID: 3469377674867202415, guid: edfb38c5ec88a624d8d9e5f2937dd057, type: 3}
      propertyPath: m_LocalScale.z
      value: 1
      objectReference: {fileID: 0}
    - target: {fileID: 3469377674867202415, guid: edfb38c5ec88a624d8d9e5f2937dd057, type: 3}
      propertyPath: m_LocalPosition.x
      value: 0
      objectReference: {fileID: 0}
    - target: {fileID: 3469377674867202415, guid: edfb38c5ec88a624d8d9e5f2937dd057, type: 3}
      propertyPath: m_LocalPosition.y
      value: 0
      objectReference: {fileID: 0}
    - target: {fileID: 3469377674867202415, guid: edfb38c5ec88a624d8d9e5f2937dd057, type: 3}
      propertyPath: m_LocalPosition.z
      value: 0
      objectReference: {fileID: 0}
    - target: {fileID: 3469377674867202415, guid: edfb38c5ec88a624d8d9e5f2937dd057, type: 3}
      propertyPath: m_LocalRotation.w
      value: 1
      objectReference: {fileID: 0}
    - target: {fileID: 3469377674867202415, guid: edfb38c5ec88a624d8d9e5f2937dd057, type: 3}
      propertyPath: m_LocalRotation.x
      value: -0
      objectReference: {fileID: 0}
    - target: {fileID: 3469377674867202415, guid: edfb38c5ec88a624d8d9e5f2937dd057, type: 3}
      propertyPath: m_LocalRotation.y
      value: -0
      objectReference: {fileID: 0}
    - target: {fileID: 3469377674867202415, guid: edfb38c5ec88a624d8d9e5f2937dd057, type: 3}
      propertyPath: m_LocalRotation.z
      value: -0
      objectReference: {fileID: 0}
    - target: {fileID: 3469377674867202415, guid: edfb38c5ec88a624d8d9e5f2937dd057, type: 3}
      propertyPath: m_AnchoredPosition.x
      value: 0
      objectReference: {fileID: 0}
    - target: {fileID: 3469377674867202415, guid: edfb38c5ec88a624d8d9e5f2937dd057, type: 3}
      propertyPath: m_AnchoredPosition.y
      value: -300
      objectReference: {fileID: 0}
    - target: {fileID: 3469377674867202415, guid: edfb38c5ec88a624d8d9e5f2937dd057, type: 3}
      propertyPath: m_LocalEulerAnglesHint.x
      value: 0
      objectReference: {fileID: 0}
    - target: {fileID: 3469377674867202415, guid: edfb38c5ec88a624d8d9e5f2937dd057, type: 3}
      propertyPath: m_LocalEulerAnglesHint.y
      value: 0
      objectReference: {fileID: 0}
    - target: {fileID: 3469377674867202415, guid: edfb38c5ec88a624d8d9e5f2937dd057, type: 3}
      propertyPath: m_LocalEulerAnglesHint.z
      value: 0
      objectReference: {fileID: 0}
    - target: {fileID: 5938115371910651764, guid: edfb38c5ec88a624d8d9e5f2937dd057, type: 3}
      propertyPath: m_Name
      value: Quit_1
      objectReference: {fileID: 0}
    - target: {fileID: 7379259532774308811, guid: edfb38c5ec88a624d8d9e5f2937dd057, type: 3}
      propertyPath: m_text
      value: Quitter
      objectReference: {fileID: 0}
    m_RemovedComponents: []
  m_SourcePrefab: {fileID: 100100000, guid: edfb38c5ec88a624d8d9e5f2937dd057, type: 3}
--- !u!224 &6109954924162522734 stripped
RectTransform:
  m_CorrespondingSourceObject: {fileID: 3469377674867202415, guid: edfb38c5ec88a624d8d9e5f2937dd057, type: 3}
  m_PrefabInstance: {fileID: 7273136637456566017}
  m_PrefabAsset: {fileID: 0}
--- !u!1001 &8159334145078645389
PrefabInstance:
  m_ObjectHideFlags: 0
  serializedVersion: 2
  m_Modification:
    m_TransformParent: {fileID: 5303780728710663599}
    m_Modifications:
    - target: {fileID: 7251890545869512620, guid: 70624df3ddc98cd418e1cbafe3189757, type: 3}
      propertyPath: m_sharedMaterial
      value: 
      objectReference: {fileID: 2180264, guid: 8f586378b4e144a9851e7b34d9b748ee, type: 2}
    - target: {fileID: 9159926027407186733, guid: 70624df3ddc98cd418e1cbafe3189757, type: 3}
      propertyPath: m_Name
      value: HUD
      objectReference: {fileID: 0}
    - target: {fileID: 9159926027407186734, guid: 70624df3ddc98cd418e1cbafe3189757, type: 3}
      propertyPath: m_Pivot.x
      value: 0.5
      objectReference: {fileID: 0}
    - target: {fileID: 9159926027407186734, guid: 70624df3ddc98cd418e1cbafe3189757, type: 3}
      propertyPath: m_Pivot.y
      value: 0.5
      objectReference: {fileID: 0}
    - target: {fileID: 9159926027407186734, guid: 70624df3ddc98cd418e1cbafe3189757, type: 3}
      propertyPath: m_RootOrder
      value: 2
      objectReference: {fileID: 0}
    - target: {fileID: 9159926027407186734, guid: 70624df3ddc98cd418e1cbafe3189757, type: 3}
      propertyPath: m_AnchorMax.x
      value: 1
      objectReference: {fileID: 0}
    - target: {fileID: 9159926027407186734, guid: 70624df3ddc98cd418e1cbafe3189757, type: 3}
      propertyPath: m_AnchorMax.y
      value: 1
      objectReference: {fileID: 0}
    - target: {fileID: 9159926027407186734, guid: 70624df3ddc98cd418e1cbafe3189757, type: 3}
      propertyPath: m_AnchorMin.x
      value: 0
      objectReference: {fileID: 0}
    - target: {fileID: 9159926027407186734, guid: 70624df3ddc98cd418e1cbafe3189757, type: 3}
      propertyPath: m_AnchorMin.y
      value: 0
      objectReference: {fileID: 0}
    - target: {fileID: 9159926027407186734, guid: 70624df3ddc98cd418e1cbafe3189757, type: 3}
      propertyPath: m_SizeDelta.x
      value: 0
      objectReference: {fileID: 0}
    - target: {fileID: 9159926027407186734, guid: 70624df3ddc98cd418e1cbafe3189757, type: 3}
      propertyPath: m_SizeDelta.y
      value: 0
      objectReference: {fileID: 0}
    - target: {fileID: 9159926027407186734, guid: 70624df3ddc98cd418e1cbafe3189757, type: 3}
      propertyPath: m_LocalPosition.x
      value: 0
      objectReference: {fileID: 0}
    - target: {fileID: 9159926027407186734, guid: 70624df3ddc98cd418e1cbafe3189757, type: 3}
      propertyPath: m_LocalPosition.y
      value: 0
      objectReference: {fileID: 0}
    - target: {fileID: 9159926027407186734, guid: 70624df3ddc98cd418e1cbafe3189757, type: 3}
      propertyPath: m_LocalPosition.z
      value: 0
      objectReference: {fileID: 0}
    - target: {fileID: 9159926027407186734, guid: 70624df3ddc98cd418e1cbafe3189757, type: 3}
      propertyPath: m_LocalRotation.w
      value: 1
      objectReference: {fileID: 0}
    - target: {fileID: 9159926027407186734, guid: 70624df3ddc98cd418e1cbafe3189757, type: 3}
      propertyPath: m_LocalRotation.x
      value: -0
      objectReference: {fileID: 0}
    - target: {fileID: 9159926027407186734, guid: 70624df3ddc98cd418e1cbafe3189757, type: 3}
      propertyPath: m_LocalRotation.y
      value: -0
      objectReference: {fileID: 0}
    - target: {fileID: 9159926027407186734, guid: 70624df3ddc98cd418e1cbafe3189757, type: 3}
      propertyPath: m_LocalRotation.z
      value: -0
      objectReference: {fileID: 0}
    - target: {fileID: 9159926027407186734, guid: 70624df3ddc98cd418e1cbafe3189757, type: 3}
      propertyPath: m_AnchoredPosition.x
      value: 0
      objectReference: {fileID: 0}
    - target: {fileID: 9159926027407186734, guid: 70624df3ddc98cd418e1cbafe3189757, type: 3}
      propertyPath: m_AnchoredPosition.y
      value: 0
      objectReference: {fileID: 0}
    - target: {fileID: 9159926027407186734, guid: 70624df3ddc98cd418e1cbafe3189757, type: 3}
      propertyPath: m_LocalEulerAnglesHint.x
      value: 0
      objectReference: {fileID: 0}
    - target: {fileID: 9159926027407186734, guid: 70624df3ddc98cd418e1cbafe3189757, type: 3}
      propertyPath: m_LocalEulerAnglesHint.y
      value: 0
      objectReference: {fileID: 0}
    - target: {fileID: 9159926027407186734, guid: 70624df3ddc98cd418e1cbafe3189757, type: 3}
      propertyPath: m_LocalEulerAnglesHint.z
      value: 0
      objectReference: {fileID: 0}
    m_RemovedComponents: []
  m_SourcePrefab: {fileID: 100100000, guid: 70624df3ddc98cd418e1cbafe3189757, type: 3}
--- !u!114 &1019325464555358626 stripped
MonoBehaviour:
  m_CorrespondingSourceObject: {fileID: 9159926027407186735, guid: 70624df3ddc98cd418e1cbafe3189757, type: 3}
  m_PrefabInstance: {fileID: 8159334145078645389}
  m_PrefabAsset: {fileID: 0}
  m_GameObject: {fileID: 0}
  m_Enabled: 1
  m_EditorHideFlags: 0
  m_Script: {fileID: 11500000, guid: 40202a6190a006f4097d9581365ed510, type: 3}
  m_Name: 
  m_EditorClassIdentifier: 
--- !u!1001 &9161755796289975879
PrefabInstance:
  m_ObjectHideFlags: 0
  serializedVersion: 2
  m_Modification:
    m_TransformParent: {fileID: 5303780728710663599}
    m_Modifications:
    - target: {fileID: 23745175419118357, guid: f32353df228c9104f88b72c89b8cea8c, type: 3}
      propertyPath: m_OnClick.m_PersistentCalls.m_Calls.Array.size
      value: 2
      objectReference: {fileID: 0}
    - target: {fileID: 23745175419118357, guid: f32353df228c9104f88b72c89b8cea8c, type: 3}
      propertyPath: m_OnClick.m_PersistentCalls.m_Calls.Array.data[1].m_Mode
      value: 1
      objectReference: {fileID: 0}
    - target: {fileID: 23745175419118357, guid: f32353df228c9104f88b72c89b8cea8c, type: 3}
      propertyPath: m_OnClick.m_PersistentCalls.m_Calls.Array.data[1].m_Target
      value: 
      objectReference: {fileID: 7399978041981145315}
    - target: {fileID: 23745175419118357, guid: f32353df228c9104f88b72c89b8cea8c, type: 3}
      propertyPath: m_OnClick.m_PersistentCalls.m_Calls.Array.data[1].m_CallState
      value: 2
      objectReference: {fileID: 0}
    - target: {fileID: 23745175419118357, guid: f32353df228c9104f88b72c89b8cea8c, type: 3}
      propertyPath: m_OnClick.m_PersistentCalls.m_Calls.Array.data[1].m_MethodName
      value: GameOverMenuQuit
      objectReference: {fileID: 0}
    - target: {fileID: 23745175419118357, guid: f32353df228c9104f88b72c89b8cea8c, type: 3}
      propertyPath: m_OnClick.m_PersistentCalls.m_Calls.Array.data[1].m_TargetAssemblyTypeName
      value: GameCanvas, Assembly-CSharp
      objectReference: {fileID: 0}
    - target: {fileID: 23745175419118357, guid: f32353df228c9104f88b72c89b8cea8c, type: 3}
      propertyPath: m_OnClick.m_PersistentCalls.m_Calls.Array.data[1].m_Arguments.m_ObjectArgumentAssemblyTypeName
      value: UnityEngine.Object, UnityEngine
      objectReference: {fileID: 0}
    - target: {fileID: 2877350568815867025, guid: f32353df228c9104f88b72c89b8cea8c, type: 3}
      propertyPath: m_OnClick.m_PersistentCalls.m_Calls.Array.size
      value: 2
      objectReference: {fileID: 0}
    - target: {fileID: 2877350568815867025, guid: f32353df228c9104f88b72c89b8cea8c, type: 3}
      propertyPath: m_OnClick.m_PersistentCalls.m_Calls.Array.data[1].m_Mode
      value: 1
      objectReference: {fileID: 0}
    - target: {fileID: 2877350568815867025, guid: f32353df228c9104f88b72c89b8cea8c, type: 3}
      propertyPath: m_OnClick.m_PersistentCalls.m_Calls.Array.data[1].m_Target
      value: 
      objectReference: {fileID: 7399978041981145315}
    - target: {fileID: 2877350568815867025, guid: f32353df228c9104f88b72c89b8cea8c, type: 3}
      propertyPath: m_OnClick.m_PersistentCalls.m_Calls.Array.data[1].m_CallState
      value: 2
      objectReference: {fileID: 0}
    - target: {fileID: 2877350568815867025, guid: f32353df228c9104f88b72c89b8cea8c, type: 3}
      propertyPath: m_OnClick.m_PersistentCalls.m_Calls.Array.data[1].m_MethodName
      value: GameOverMenuRetry
      objectReference: {fileID: 0}
    - target: {fileID: 2877350568815867025, guid: f32353df228c9104f88b72c89b8cea8c, type: 3}
      propertyPath: m_OnClick.m_PersistentCalls.m_Calls.Array.data[1].m_TargetAssemblyTypeName
      value: GameCanvas, Assembly-CSharp
      objectReference: {fileID: 0}
    - target: {fileID: 2877350568815867025, guid: f32353df228c9104f88b72c89b8cea8c, type: 3}
      propertyPath: m_OnClick.m_PersistentCalls.m_Calls.Array.data[1].m_Arguments.m_ObjectArgumentAssemblyTypeName
      value: UnityEngine.Object, UnityEngine
      objectReference: {fileID: 0}
    - target: {fileID: 5545817701212808615, guid: f32353df228c9104f88b72c89b8cea8c, type: 3}
      propertyPath: m_Pivot.x
      value: 0.5
      objectReference: {fileID: 0}
    - target: {fileID: 5545817701212808615, guid: f32353df228c9104f88b72c89b8cea8c, type: 3}
      propertyPath: m_Pivot.y
      value: 0.5
      objectReference: {fileID: 0}
    - target: {fileID: 5545817701212808615, guid: f32353df228c9104f88b72c89b8cea8c, type: 3}
      propertyPath: m_RootOrder
      value: 4
      objectReference: {fileID: 0}
    - target: {fileID: 5545817701212808615, guid: f32353df228c9104f88b72c89b8cea8c, type: 3}
      propertyPath: m_AnchorMax.x
      value: 1
      objectReference: {fileID: 0}
    - target: {fileID: 5545817701212808615, guid: f32353df228c9104f88b72c89b8cea8c, type: 3}
      propertyPath: m_AnchorMax.y
      value: 1
      objectReference: {fileID: 0}
    - target: {fileID: 5545817701212808615, guid: f32353df228c9104f88b72c89b8cea8c, type: 3}
      propertyPath: m_AnchorMin.x
      value: 0
      objectReference: {fileID: 0}
    - target: {fileID: 5545817701212808615, guid: f32353df228c9104f88b72c89b8cea8c, type: 3}
      propertyPath: m_AnchorMin.y
      value: 0
      objectReference: {fileID: 0}
    - target: {fileID: 5545817701212808615, guid: f32353df228c9104f88b72c89b8cea8c, type: 3}
      propertyPath: m_SizeDelta.x
      value: 0
      objectReference: {fileID: 0}
    - target: {fileID: 5545817701212808615, guid: f32353df228c9104f88b72c89b8cea8c, type: 3}
      propertyPath: m_SizeDelta.y
      value: 0
      objectReference: {fileID: 0}
    - target: {fileID: 5545817701212808615, guid: f32353df228c9104f88b72c89b8cea8c, type: 3}
      propertyPath: m_LocalPosition.x
      value: 0
      objectReference: {fileID: 0}
    - target: {fileID: 5545817701212808615, guid: f32353df228c9104f88b72c89b8cea8c, type: 3}
      propertyPath: m_LocalPosition.y
      value: 0
      objectReference: {fileID: 0}
    - target: {fileID: 5545817701212808615, guid: f32353df228c9104f88b72c89b8cea8c, type: 3}
      propertyPath: m_LocalPosition.z
      value: 0
      objectReference: {fileID: 0}
    - target: {fileID: 5545817701212808615, guid: f32353df228c9104f88b72c89b8cea8c, type: 3}
      propertyPath: m_LocalRotation.w
      value: 1
      objectReference: {fileID: 0}
    - target: {fileID: 5545817701212808615, guid: f32353df228c9104f88b72c89b8cea8c, type: 3}
      propertyPath: m_LocalRotation.x
      value: 0
      objectReference: {fileID: 0}
    - target: {fileID: 5545817701212808615, guid: f32353df228c9104f88b72c89b8cea8c, type: 3}
      propertyPath: m_LocalRotation.y
      value: 0
      objectReference: {fileID: 0}
    - target: {fileID: 5545817701212808615, guid: f32353df228c9104f88b72c89b8cea8c, type: 3}
      propertyPath: m_LocalRotation.z
      value: 0
      objectReference: {fileID: 0}
    - target: {fileID: 5545817701212808615, guid: f32353df228c9104f88b72c89b8cea8c, type: 3}
      propertyPath: m_AnchoredPosition.x
      value: 0
      objectReference: {fileID: 0}
    - target: {fileID: 5545817701212808615, guid: f32353df228c9104f88b72c89b8cea8c, type: 3}
      propertyPath: m_AnchoredPosition.y
      value: 0
      objectReference: {fileID: 0}
    - target: {fileID: 5545817701212808615, guid: f32353df228c9104f88b72c89b8cea8c, type: 3}
      propertyPath: m_LocalEulerAnglesHint.x
      value: 0
      objectReference: {fileID: 0}
    - target: {fileID: 5545817701212808615, guid: f32353df228c9104f88b72c89b8cea8c, type: 3}
      propertyPath: m_LocalEulerAnglesHint.y
      value: 0
      objectReference: {fileID: 0}
    - target: {fileID: 5545817701212808615, guid: f32353df228c9104f88b72c89b8cea8c, type: 3}
      propertyPath: m_LocalEulerAnglesHint.z
      value: 0
      objectReference: {fileID: 0}
    - target: {fileID: 5774228562381430227, guid: f32353df228c9104f88b72c89b8cea8c, type: 3}
      propertyPath: m_OnClick.m_PersistentCalls.m_Calls.Array.size
      value: 2
      objectReference: {fileID: 0}
    - target: {fileID: 5774228562381430227, guid: f32353df228c9104f88b72c89b8cea8c, type: 3}
      propertyPath: m_OnClick.m_PersistentCalls.m_Calls.Array.data[1].m_Mode
      value: 1
      objectReference: {fileID: 0}
    - target: {fileID: 5774228562381430227, guid: f32353df228c9104f88b72c89b8cea8c, type: 3}
      propertyPath: m_OnClick.m_PersistentCalls.m_Calls.Array.data[1].m_Target
      value: 
      objectReference: {fileID: 7399978041981145315}
    - target: {fileID: 5774228562381430227, guid: f32353df228c9104f88b72c89b8cea8c, type: 3}
      propertyPath: m_OnClick.m_PersistentCalls.m_Calls.Array.data[1].m_CallState
      value: 2
      objectReference: {fileID: 0}
    - target: {fileID: 5774228562381430227, guid: f32353df228c9104f88b72c89b8cea8c, type: 3}
      propertyPath: m_OnClick.m_PersistentCalls.m_Calls.Array.data[1].m_MethodName
      value: GameOverMenuContinue
      objectReference: {fileID: 0}
    - target: {fileID: 5774228562381430227, guid: f32353df228c9104f88b72c89b8cea8c, type: 3}
      propertyPath: m_OnClick.m_PersistentCalls.m_Calls.Array.data[1].m_TargetAssemblyTypeName
      value: GameCanvas, Assembly-CSharp
      objectReference: {fileID: 0}
    - target: {fileID: 5774228562381430227, guid: f32353df228c9104f88b72c89b8cea8c, type: 3}
      propertyPath: m_OnClick.m_PersistentCalls.m_Calls.Array.data[1].m_Arguments.m_ObjectArgumentAssemblyTypeName
      value: UnityEngine.Object, UnityEngine
      objectReference: {fileID: 0}
    - target: {fileID: 6847140264348419719, guid: f32353df228c9104f88b72c89b8cea8c, type: 3}
      propertyPath: m_Name
      value: GameOver
      objectReference: {fileID: 0}
    - target: {fileID: 6847140264348419719, guid: f32353df228c9104f88b72c89b8cea8c, type: 3}
      propertyPath: m_IsActive
      value: 0
      objectReference: {fileID: 0}
    m_RemovedComponents: []
  m_SourcePrefab: {fileID: 100100000, guid: f32353df228c9104f88b72c89b8cea8c, type: 3}
--- !u!1 &2315120215404212416 stripped
GameObject:
  m_CorrespondingSourceObject: {fileID: 6847140264348419719, guid: f32353df228c9104f88b72c89b8cea8c, type: 3}
  m_PrefabInstance: {fileID: 9161755796289975879}
  m_PrefabAsset: {fileID: 0}
